%http://en.wikipedia.org/wiki/BibTeX --How to is all there
@manual{langendoen2017in4073,
 author    = "Koen {Langendoen} and Arjan J.C. van {Gemund}",
 title     = "In4073 Lab Assignment 2017-2018",
 year      =  2017,
}